<?xml version="1.0" encoding="UTF-8"?>
<collection xmlns:xsi="http://www.w3.org/2001/XMLSchema-instance" xsi:schemaLocation="http://www.loc.gov/MARC21/slim http://www.loc.gov/standards/marcxml/schema/MARC21slim.xsd" xmlns="http://www.loc.gov/MARC21/slim">
<record>
  <leader>00775cam a22002171  4500</leader>
  <controlfield tag="001">2683162</controlfield>
  <controlfield tag="003">NNC</controlfield>
  <controlfield tag="005">20130425144304.0</controlfield>
  <controlfield tag="008">000925s1888    ua            000 0 ara d</controlfield>
  <datafield tag="035" ind1=" " ind2=" ">
    <subfield code="a">(OCoLC)ocm45073077</subfield>
  </datafield>
  <datafield tag="035" ind1=" " ind2=" ">
    <subfield code="9">ARD2648CU</subfield>
  </datafield>
  <datafield tag="035" ind1=" " ind2=" ">
    <subfield code="a">(NNC)2683162</subfield>
  </datafield>
  <datafield tag="040" ind1=" " ind2=" ">
    <subfield code="a">ZCU</subfield>
    <subfield code="c">ZCU</subfield>
  </datafield>
  <datafield tag="099" ind1=" " ind2=" ">
    <subfield code="a">961</subfield>
    <subfield code="a">M88</subfield>
  </datafield>
  <datafield tag="100" ind1="0" ind2=" ">
    <subfield code="a">ʻAlī Mubārak,</subfield>
    <subfield code="c">Bāshā,</subfield>
    <subfield code="d">1823 or 1824-1893.</subfield>
  </datafield>
  <datafield tag="245" ind1="1" ind2="3">
    <subfield code="a">al-Khiṭaṭ al-Tawfīqīyah al-jadīdah li Misr al-Qāhirah wamudunihā wabilādihā al-qadīmah wa-al-shahīrah,</subfield>
    <subfield code="c">taʾlīf ʻAlī Bāshā Mubārak.</subfield>
  </datafield>
  <datafield tag="260" ind1=" " ind2=" ">
    <subfield code="a">Būlāq,</subfield>
    <subfield code="b">al-Maṭbaʻah al-Kubrā al-Amīrīyah,</subfield>
    <subfield code="c">1306 [1888]</subfield>
  </datafield>
  <datafield tag="300" ind1=" " ind2=" ">
    <subfield code="a">20 v. in 5.</subfield>
  </datafield>
  <datafield tag="651" ind1=" " ind2="0">
    <subfield code="a">Cairo (Egypt)</subfield>
    <subfield code="x">Description and travel.</subfield>
  </datafield>
  <datafield tag="651" ind1=" " ind2="0">
    <subfield code="a">Egypt</subfield>
    <subfield code="x">Description and travel.</subfield>
  </datafield>
  <datafield tag="955" ind1=" " ind2=" ">
    <subfield code="b">0026812380</subfield>
    <subfield code="d">glx</subfield>
    <subfield code="e">961 M88</subfield>
    <subfield code="v">v.1-4</subfield>
  </datafield>
</record>
</collection>